<?xml version="1.0" encoding="UTF-8"?>
<marc:record xmlns:marc="http://www.loc.gov/MARC21/slim"
             xmlns:xsi="http://www.w3.org/2001/XMLSchema-instance"
             xsi:schemaLocation="http://www.loc.gov/MARC21/slim http://www.loc.gov/standards/marcxml/schema/MARC21slim.xsd">
    <marc:leader>00580nam a22001690a 45 0</marc:leader>
    <marc:controlfield tag="001">293946</marc:controlfield>
    <marc:controlfield tag="003">NL-AMISG</marc:controlfield>
    <marc:controlfield tag="005">19950210234845.0</marc:controlfield>
    <marc:controlfield tag="008">199502suuuuuuuu||||||||||||||||||||joe d</marc:controlfield>
    <marc:datafield ind1=" " ind2=" " tag="035">
        <marc:subfield code="a">(IISG)IISGb10073307</marc:subfield>
    </marc:datafield>
    <marc:datafield ind1=" " ind2=" " tag="040">
        <marc:subfield code="a">NL-AmISG</marc:subfield>
    </marc:datafield>
    <marc:datafield ind1="0" ind2=" " tag="041">
        <marc:subfield code="a">joe</marc:subfield>
    </marc:datafield>
    <marc:datafield ind1="1" ind2=" " tag="100">
        <marc:subfield code="a">Nedeljković, Dušan.</marc:subfield>
        <marc:subfield code="0">(NL-AMISG)200103</marc:subfield>
    </marc:datafield>
    <marc:datafield ind1="1" ind2="0" tag="245">
        <marc:subfield code="a">Istorija filozofije :</marc:subfield>
        <marc:subfield code="b">predavanja na Skopskom filozofskom fakultetu održana od 20.4.1931. do
            25.1. 1938.
        </marc:subfield>
    </marc:datafield>
    <marc:datafield ind1=" " ind2=" " tag="260">
        <marc:subfield code="a">Požarevac :</marc:subfield>
        <marc:subfield code="b">Prosveta,</marc:subfield>
        <marc:subfield code="c">1981.</marc:subfield>
    </marc:datafield>
    <marc:datafield ind1=" " ind2=" " tag="300">
        <marc:subfield code="a">346 p.</marc:subfield>
    </marc:datafield>
    <marc:datafield ind1="0" ind2=" " tag="505">
        <marc:subfield code="a">2.</marc:subfield>
    </marc:datafield>
    <marc:datafield ind1=" " ind2=" " tag="690">
        <marc:subfield code="a">Jug 1060</marc:subfield>
        <marc:subfield code="b">Yugoslavia; cultural history, cultural policy; philosophy, non offial
            Marxism; Praxis group
        </marc:subfield>
        <marc:subfield code="c">Joegoslavië; culturele geschiedenis; filosofie.</marc:subfield>
    </marc:datafield>
    <marc:datafield ind1="4" ind2=" " tag="852">
        <marc:subfield code="a">IISG</marc:subfield>
        <marc:subfield code="b">IISG</marc:subfield>
        <marc:subfield code="c">IISG</marc:subfield>
        <marc:subfield code="j">327/14 B</marc:subfield>
        <marc:subfield code="n">Available</marc:subfield>
        <marc:subfield code="p">N10072036</marc:subfield>
    </marc:datafield>
    <marc:datafield ind1=" " ind2=" " tag="901">
        <marc:subfield code="a">293946</marc:subfield>
        <marc:subfield code="b">Unknown</marc:subfield>
        <marc:subfield code="c">293946</marc:subfield>
        <marc:subfield code="t">biblio</marc:subfield>
    </marc:datafield>
    <marc:datafield ind1=" " ind2=" " tag="902">
        <marc:subfield code="a">10622/A929C43A-6FB7-4F0E-85EA-AF8D2528725E</marc:subfield>
    </marc:datafield>
</marc:record>